@Manual{R-base,
  title = {R: A Language and Environment for Statistical Computing},
  author = {{R Core Team}},
  organization = {R Foundation for Statistical Computing},
  address = {Vienna, Austria},
  year = {2017},
  url = {https://www.R-project.org/},
}
@Manual{R-binr,
  title = {binr: Cut Numeric Values into Evenly Distributed Groups},
  author = {Sergei Izrailev},
  year = {2015},
  note = {R package version 1.1},
  url = {https://CRAN.R-project.org/package=binr},
}
@Manual{R-checkmate,
  title = {checkmate: Fast and Versatile Argument Checks},
  author = {Michel Lang},
  year = {2017},
  note = {R package version 1.8.5},
  url = {https://CRAN.R-project.org/package=checkmate},
}
@Manual{R-cowplot,
  title = {cowplot: Streamlined Plot Theme and Plot Annotations for 'ggplot2'},
  author = {Claus O. Wilke},
  year = {2017},
  note = {R package version 0.9.1},
  url = {https://CRAN.R-project.org/package=cowplot},
}
@Manual{R-dplyr,
  title = {dplyr: A Grammar of Data Manipulation},
  author = {Hadley Wickham and Romain Francois and Lionel Henry and Kirill Muller},
  note = {http://dplyr.tidyverse.org, https://github.com/tidyverse/dplyr},
  year = {2017},
}
@Manual{R-forcats,
  title = {forcats: Tools for Working with Categorical Variables (Factors)},
  author = {Hadley Wickham},
  year = {2017},
  note = {R package version 0.2.0},
  url = {https://CRAN.R-project.org/package=forcats},
}
@Manual{R-foreign,
  title = {foreign: Read Data Stored by 'Minitab', 'S', 'SAS', 'SPSS', 'Stata',
'Systat', 'Weka', 'dBase', ...},
  author = {{R Core Team}},
  year = {2017},
  note = {R package version 0.8-69},
  url = {https://CRAN.R-project.org/package=foreign},
}
@Manual{R-forestplot,
  title = {forestplot: Advanced Forest Plot Using 'grid' Graphics},
  author = {Max Gordon and Thomas Lumley},
  year = {2017},
  note = {R package version 1.7.2},
  url = {https://CRAN.R-project.org/package=forestplot},
}
@Manual{R-ggplot2,
  title = {ggplot2: Create Elegant Data Visualisations Using the Grammar of Graphics},
  author = {Hadley Wickham and Winston Chang},
  year = {2016},
  note = {R package version 2.2.1},
  url = {https://CRAN.R-project.org/package=ggplot2},
}
@Manual{R-knitr,
  title = {knitr: A General-Purpose Package for Dynamic Report Generation in R},
  author = {Yihui Xie},
  year = {2017},
  note = {R package version 1.17.20},
  url = {https://yihui.name/knitr/},
}
@Manual{R-magrittr,
  title = {magrittr: A Forward-Pipe Operator for R},
  author = {Stefan Milton Bache and Hadley Wickham},
  year = {2014},
  note = {R package version 1.5},
  url = {https://CRAN.R-project.org/package=magrittr},
}
@Manual{R-ncar,
  title = {ncar: Noncompartmental Analysis for Pharmacokinetic Report},
  author = {Kyun-Seop Bae},
  year = {2017},
  note = {R package version 0.3.7},
  url = {https://CRAN.R-project.org/package=ncar},
}
@Manual{R-NonCompart,
  title = {NonCompart: Noncompartmental Analysis for Pharmacokinetic Data},
  author = {Kyun-Seop Bae},
  year = {2017},
  note = {R package version 0.3.3},
  url = {https://CRAN.R-project.org/package=NonCompart},
}
@Manual{R-pkr,
  title = {pkr: Pharmacokinetics in R},
  author = {Kyun-Seop Bae and Jee Eun Lee},
  year = {2017},
  note = {R package version 0.1.1},
  url = {https://CRAN.R-project.org/package=pkr},
}
@Manual{R-purrr,
  title = {purrr: Functional Programming Tools},
  author = {Lionel Henry and Hadley Wickham},
  note = {http://purrr.tidyverse.org, https://github.com/tidyverse/purrr},
  year = {2017},
}
@Manual{R-readr,
  title = {readr: Read Rectangular Text Data},
  author = {Hadley Wickham and Jim Hester and Romain Francois},
  year = {2017},
  note = {R package version 1.1.1},
  url = {https://CRAN.R-project.org/package=readr},
}
@Manual{R-rtf,
  title = {rtf: Rich Text Format (RTF) Output},
  author = {Michael E. Schaffer},
  year = {2013},
  note = {R package version 0.4-11},
  url = {https://CRAN.R-project.org/package=rtf},
}
@Manual{R-stringr,
  title = {stringr: Simple, Consistent Wrappers for Common String Operations},
  author = {Hadley Wickham},
  year = {2017},
  note = {R package version 1.2.0},
  url = {https://CRAN.R-project.org/package=stringr},
}
@Manual{R-tibble,
  title = {tibble: Simple Data Frames},
  author = {Kirill Muller and Hadley Wickham},
  year = {2017},
  note = {R package version 1.3.4},
  url = {https://CRAN.R-project.org/package=tibble},
}
@Manual{R-tidyr,
  title = {tidyr: Easily Tidy Data with 'spread()' and 'gather()' Functions},
  author = {Hadley Wickham and Lionel Henry},
  year = {2017},
  note = {R package version 0.7.2},
  url = {https://CRAN.R-project.org/package=tidyr},
}
@Manual{R-tidyverse,
  title = {tidyverse: Easily Install and Load the 'Tidyverse'},
  author = {Hadley Wickham},
  note = {http://tidyverse.tidyverse.org, https://github.com/tidyverse/tidyverse},
  year = {2017},
}
