@article{kim2015r,
  title={R-based reproduction of the estimation process hidden behind NONMEM{\textregistered} Part 1: first-order approximation method},
  author={Kim, Min-Gul and Yim, Dong-Seok and Bae, Kyun-Seop},
  journal={Translational and Clinical Pharmacology},
  volume={23},
  number={1},
  pages={1--7},
  year={2015}
}

@article{acharya,
  title={A diagnostic tool for population models using non-compartmental analysis: The ncappc package for R},
  author={Acharya, Chayan and Hooker, Andrew C and T{\"u}rky{\i}lmaz, G{\"u}lbeyaz Y{\i}ld{\i}z and J{\"o}nsson, Siv and Karlsson, Mats O},
  journal={Computer methods and programs in biomedicine},
  volume={127},
  pages={83--93},
  year={2016},
  publisher={Elsevier}
}


@Book{gab,
 author = {Gabrielsson, Johan},
 title = {Pharmacokinetic and pharmacodynamic data analysis : concepts and applications},
 publisher = {Apotekarsocieteten},
 year = {2016},
 address = {Stockholm},
 isbn = {978-9198299106}
 }

@Book{tozer,
 author = {Rowland, Malcolm},
 title = {Clinical pharmacokinetics and pharmacodynamics : concepts and applications},
 publisher = {Wolters Kluwer Health/Lippincott William \& Wilkins},
 year = {2011},
 address = {Philadelphia},
 isbn = {0781750091}
 }







@Book{chow2009design,
 author = {Chow, },
 title = {Design and analysis of bioavailability and bioequivalence studies},
 publisher = {CRC Press},
 year = {2009},
 address = {Boca Raton},
 isbn = {9781584886686}
 }

@Manual{wnl,
  title = {Phoenix WinNonlin: The Industry Standard for NCA and PK/PD Modeling and Simulation},
  author = {Certara USA, Inc.},
  year = {2018},
  note = {100 Overlook Center, Suite 101, Princeton, NJ 08540 USA},
  url = {https://www.certara.com/software/pkpd-modeling-and-simulation/phoenix-winnonlin/},
}

@Article{kim_2018,
  doi = {10.12793/tcp.2018.26.1.10},
  url = {https://doi.org/10.12793/tcp.2018.26.1.10},
  year = {2018},
  publisher = {Korean Society for Clinical Pharmacology and Therapeutics ({KAMJE})},
  volume = {26},
  number = {1},
  pages = {10},
  author = {Hyungsub Kim and Sungpil Han and Yong-Soon Cho and Seok-Kyu Yoon and Kyun-Seop Bae},
  title = {Development of R packages: 'NonCompart' and ncar for noncompartmental analysis (NCA)},
  journal = {Translational and Clinical Pharmacology},
}






